@book{Casserly-Ito:2011,
	title = {Creative Commons. The power of open},
	author = {Casserly, Catherin and Ito, Joi},
	address = {Cambridge MA},
	publisher = {Creative Commons Corporation},
	year = {2011},
}

@misc{Deterding:2007,
	title = {Into the Great Wilde Open. Open Source jenseits von Software},
	author = {Sebastian Deterding},
	address = {Bonn},
	publisher = {Bundeszentrale für politische Bildung},
	year = {2007},
    url= {http://www.bpb.de/gesellschaft/medien/opensource/63921/into-the-great-wide-open?p=all},
	urldate = {2014-12-18}
}

@article{Diener:2013,
	author = {Andrea Diener},
	title = {Kunsthacks. Der Ausgang ist immer ungewiss},
	journal = {Frankfurter Allgemeine FAZ.NET},
	volume = {Bd. 200},
	date = {2013-12-30},
	url = {http://www.faz.net/kunsthacks-der-ausgang-ist-immer-ungewiss-12732369.html},
	urldate = {2015-02-17}
}

@book{Eco:1973,
	author = {Umberto Eco},
	title = {Das offene Kunstwerk},
	editor = {Günter Memmert},
	address = {Frankfurt a.M.},
	publisher = {Suhrkamp Verlag},
	year = {1973}
}

@incollection{Graham:2007,
	author = {Beryl Graham},
	title = {Redefining Digital Art. Disrupting Borders},
	booktitle = {Theorizing Digital Cultural Heritage: A Critical Discourse},
	editor = {Cameron, Fiona and Kenderdine, Sarah},
	address = {Cambridge MA},
	publisher = {MIT Press},
	year = {2007},
	pages = {93-112}
}

@book{Grassmuck:2004,
	title = {Freie Software. Zwischen Privat- und Gemeineigentum},
	author = {Volker Grassmuck},
	address = {Bonn},
	publisher = {Bundeszentrale für politische Bildung},
	year = {2004},
}

@phdthesis{Hadzi:2012,
	author = {Adna Hadziselimovic},
	title = {FLOSSTV. Free, Libre, Open Source Software (FLOSS) within participatory TV hacking Media and Arts Practices},
	school = {Goldsmiths University},
	address = {London},
	year = {2012},
	url= {http://research.gold.ac.uk/6922/1/MED_thesis_Hadziselimovic_2012.pdf},
	urldate = {2014-12-10}
}

@incollection{Hamerly-Paquin-Walton:1999,
	author = {Hamerly, Jim and Paquin, Tom and Walton, Susan},
	title = {Freeing the Source. The Story of Mozilla},
	booktitle = {Opensources: Voices from the Open Source Revolution},
	editor = {DiBona, Chris and Ockman, Sam and Stone, Mark},
	address = {Sebastopol CA},
	publisher = {O'Reilly Media Inc.},
	year = {1999},
	pages = {91-95}
}

@article{Han:2012,
	author = {Byung-Chul Han},
	title = {Transparent ist nur das Tote},
	journal = {Zeit Online},
	volume = {3},
	date = {2012-01-12},
	url = {hhttp://www.zeit.de/2012/03/Transparenzgesellschaft},
	urldate = {2015-02-27}
}

@book{Han:2013,
	title = {Transparenzgesellschaft},
	author = {Byung-Chul Han},
	address = {Berlin},
	publisher = {Matthes \& Seitz},
	year = {2013}
}

@book{Himanen:2001,
	title = {The Hacker Ethic. And the Spirit of the Information Age},
	author = {Pekka Himanen},
	address = {New York},
	publisher = {Random House Trade Paperbacks},
	year = {2001}
}

@book{Hope-Ryan:2014,
	title = {Digital Arts. An introduction to new media},
	author = {Cat Hope and John Ryan},
	address = {New York},
	publisher = {Bloomsbury Academic},
	year = {2014}
}

@article{Kleijn:2007,
	author = {Alexandra Kleijn},
	title = {EU-Studie: Open Source ist gut für die Wirtschaft},
	journal = {TelepolisMagazin der Netzkultur},
	date = {2007-01-17},
	url = {http://www.heise.de/open/artikel/EU-Studie-Open-Source-ist-gut-fuer-die-Wirtschaft-222037.html},
	urldate = {2015-02-25}
}

@book{Lessing:2004,
	title = {Free Culture. How big media uses technology and the law to lock down culture and control creativity},
	author = {Lawrence Lessing},
	address = {New York},
	publisher = {The Penguin Press},
	year = {2004}
}

@book{Levy:1984,
	title = {Hackers: Heroes of the Computer Revolution},
	author = {Steven Levy},
	address = {New York},
	publisher = {Anchor Press Doubleday},
	year = {1984}
}

@book{McKenzie:2006,
	author = {Wark McKenzie},
	title = {A Hacker Manifesto},
	address = {Cambridge MA},
	publisher = {Harvard University Press},
	year = {2004}
}

@book{Paul:2003,
	author = {Christiane Paul},
	title = {Digital Art},
	address = {London},
	publisher = {Thames \& Hudson},
	year = {2003}
}

@book{Raymond:1996,
	author = {Eric Raymond},
	title = {The new Hacker's Dictionary},
	edition = {3},
	address = {Cambridge MA},
	publisher = {MIT Press},
	year = {1996}
}

@incollection{Raymond:1999,
	author = {Eric Raymond},
	title = {A Brief History of Hackerdom},
	booktitle = {Opensources. Voices from the Open Source Revolution},
	editor = {DiBona, Chris and Ockman, Sam and Stone, Mark},
	address = {Sebastopol CA},
	publisher = {O'Reilly Media Inc.},
	year = {1999},
	pages = {16-20}
}

@book{Raymond:2001,
	author = {Eric Raymond},
	title = {The Cathedral and the Bazaar},
	editor = {Tim O'Reilly},
	edition = {2},
	address = {Sebastopol CA},
	publisher = {O'Reilly Media Inc.},
	year = {2001}
}

@misc{Ryser/MediengruppeBitnik:2014,
	title = {Ein Paket für Herrn Assange},
	howpublished = {Ausst.-Kat. Zürich, Helmhaus Zürich, 14.02. - 06.04.2014},
	author = {Daniel Ryser},
	address = {Basel},
	publisher = {Echtzeit Verlag GmbH},
	year = {2014}
}

@incollection{Senn:2007,
	author = {Mischa Senn},
	title = {Autorschaft und Open Approaches},
	subtitle = {Die Kulturrechtliche Perspektive},
	booktitle = {Autorschaft in den Künsten. Konzepte - Praktiken - Medien},
	editor = {Corina Caduff},
	address = {Zürich},
	publisher = {Zürcher Hochschule der Künste},
	year = {2007},
	pages = {240-251}
}

@incollection{Sollfrank:2004,
	author = {Cornelia Sollfrank},
	title = {Copyright 2004},
	booktitle = {net.art Generator. Programmierte Verführung},
	editor = {Esther Kiener},
	address = {Nürnberg},
	publisher = {Institut für moderne Kunst},
	year = {2001},
	pages = {44-56}
}

@article{Stalder:2010,
	author = {Felix Stalder},
	title = {Kritische Strategien zu Kunst und Urheberrecht},
	journal = {Kunstforum International},
	volume = {Bd. 200},
	month = {Januar - Februar},
	year = {2010},
	pages = {111-117}
}

@book{Stallman:2010,
	author = {Richard Stallman},
	title = {Free Software - Free Society. Selected Essays of Richard M. Stallman},
	edition = {2},
	address = {Boston},
	publisher = {Free Software Foundation Inc.},
	year = {2010},
	url = {http://www.gnu.org/doc/fsfs-ii-2.pdf},
	ulrdate = {2014-12-18}
}

@book{Taylor:2014,
	author = {Grant Taylor},
	title = {When the machine made art. The troubled history of computer art},
	editor ={Francisco Ricardo},
	address = {New York},
	publisher = {Bloomsbury},
	year = {2014}
}

@incollection{Torvalds:1999,
	author = {Linus Torvalds},
	title = {The Linux Edge},
	booktitle = {Opensources. Voices from the Open Source Revolution},
	editor = {DiBona, Chris and Ockman, Sam and Stone, Mark},
	address = {Sebastopol CA},
	publisher = {O'Reilly Media Inc.},
	year = {1999},
	pages = {51-54}
}

@misc{Waldvogel:2014,
	title = {Unknown. Die Ordnung der Zufälligkeit},
	howpublished = {Ausst.-Kat. Zürich, Helmhaus Zürich, 14.02.-06.04.2014},
	author = {Christian Waldvogel},
	address = {Zürich},
	publisher = {Verlag Scheidegger \& Spiess AG},
	year = {2014}
}

@book{Wands:2006,
	author = {Bruce Wands},
	title = {Arts of the Digital Age},
	address = {London},
	publisher = {Thames \& Hudson},
	year = {2006}
}
